<collection xmlns="http://www.loc.gov/MARC21/slim">
    <record>
        <leader>00943ckm a2200277Ia 4500</leader>
        <controlfield tag="001">ocm34590107 </controlfield>
        <controlfield tag="003">OCoLC</controlfield>
        <controlfield tag="005">20121102103152.0</controlfield>
        <controlfield tag="008">960417s1995    idunnn            ineng d</controlfield>
        <datafield tag="020" ind1=" " ind2=" ">
            <subfield code="a">0932129250</subfield>
        </datafield>
        <datafield tag="020" ind1=" " ind2=" ">
            <subfield code="a">9780932129253</subfield>
        </datafield>
        <datafield tag="035" ind1=" " ind2=" ">
            <subfield code="a">(OCoLC)34590107</subfield>
        </datafield>
        <datafield tag="040" ind1=" " ind2=" ">
            <subfield code="a">WAU</subfield>
            <subfield code="c">WAU</subfield>
            <subfield code="d">IUL</subfield>
        </datafield>
        <datafield tag="043" ind1=" " ind2=" ">
            <subfield code="a">n-us---</subfield>
        </datafield>
        <datafield tag="049" ind1=" " ind2=" ">
            <subfield code="a">IULA</subfield>
        </datafield>
        <datafield tag="050" ind1=" " ind2="4">
            <subfield code="a">N7433.4.L45</subfield>
            <subfield code="b">C58 1995</subfield>
        </datafield>
        <datafield tag="100" ind1="1" ind2=" ">
            <subfield code="a">Leichner, Greg.</subfield>
        </datafield>
        <datafield tag="245" ind1="1" ind2="0">
            <subfield code="a">Citizens for a poodle-free Montana :</subfield>
            <subfield code="b">postcard series /</subfield>
            <subfield code="c">by Greg Leichner.</subfield>
            <subfield code="d">Pranitha.</subfield>
        </datafield>
        <datafield tag="260" ind1=" " ind2=" ">
            <subfield code="a">Boise, Idaho :</subfield>
            <subfield code="b">Hemingway Western Studies Center, Boise State University,</subfield>
            <subfield code="c">c1995.</subfield>
        </datafield>
        <datafield tag="300" ind1=" " ind2=" ">
            <subfield code="a">15 postcards :</subfield>
            <subfield code="b">ill. ;</subfield>
            <subfield code="c">16 x 12 cm.</subfield>
        </datafield>
        <datafield tag="500" ind1=" " ind2=" ">
            <subfield code="a">"Winner of the First Rocky Mountain Artists and Eccentric Book Competition"--Wrapper.</subfield>
        </datafield>
        <datafield tag="500" ind1=" " ind2=" ">
            <subfield code="a">"15 postcards, 31 epigrams, 1 poem"--Wrapper.</subfield>
        </datafield>
        <datafield tag="500" ind1=" " ind2=" ">
            <subfield code="a">Offset printed.</subfield>
        </datafield>
        <datafield tag="650" ind1=" " ind2="0">
            <subfield code="a">Artists' books</subfield>
            <subfield code="z">United States.</subfield>
        </datafield>
        <datafield tag="710" ind1="2" ind2=" ">
            <subfield code="a">Hemingway Western Studies Center.</subfield>
        </datafield>
        <datafield tag="994" ind1=" " ind2=" ">
            <subfield code="a">C0</subfield>
            <subfield code="b">IUL</subfield>
        </datafield>
    </record>